id,t_name,type,res,scale,rarity,size_type,icon,attr,target_formation,coin,skill_basic,skill_1,skill_type_1,skill_2,skill_type_2,skill_3,skill_type_3,skill_4,skill_type_4,skill_5,skill_type_5,skill_6,skill_type_6,skill_7,skill_type_7,skill_8,skill_type_8,skill_9,skill_type_9,atk_max,def_max,hp_max,aspd,cri_chance,cri_dmg,cri_avoid,hit_rate,avoid
130011,몬스터 수호병,swordman,res/character/monster/swordman_@/swordman_@.spine,0.8,common,s,x,earth,front,2,230001,x,x,x,x,x,x,x,x,x,x,x,x,x,x,x,x,x,x,467,3450,19940,0,8,50,5,0,8
130012,몬스터 수호병,swordman,res/character/monster/swordman_@/swordman_@.spine,1,common,s,x,water,front,2,230001,x,x,x,x,x,x,x,x,x,x,x,x,x,x,x,x,x,x,467,3450,19940,0,8,50,5,0,8
130013,몬스터 수호병,swordman,res/character/monster/swordman_@/swordman_@.spine,1,common,s,x,fire,front,2,230001,x,x,x,x,x,x,x,x,x,x,x,x,x,x,x,x,x,x,467,3450,19940,0,8,50,5,0,8
130014,몬스터 수호병,swordman,res/character/monster/swordman_@/swordman_@.spine,1,common,s,x,light,front,2,230001,x,x,x,x,x,x,x,x,x,x,x,x,x,x,x,x,x,x,467,3450,19940,0,8,50,5,0,8
130015,몬스터 수호병,swordman,res/character/monster/swordman_@/swordman_@.spine,1,common,s,x,dark,front,2,230001,x,x,x,x,x,x,x,x,x,x,x,x,x,x,x,x,x,x,467,3450,19940,0,8,50,5,0,8
130021,몬스터 궁병,archer,res/character/monster/archer_@/archer_@.spine,0.75,common,s,x,earth,front,2,230002,x,x,x,x,x,x,x,x,x,x,x,x,x,x,x,x,x,x,800,2450,5955,0,8,50,5,0,8
130022,몬스터 궁병,archer,res/character/monster/archer_@/archer_@.spine,1,common,s,x,water,front,2,230002,x,x,x,x,x,x,x,x,x,x,x,x,x,x,x,x,x,x,800,2450,5955,0,8,50,5,0,8
130023,몬스터 궁병,archer,res/character/monster/archer_@/archer_@.spine,1,common,s,x,fire,front,2,230002,x,x,x,x,x,x,x,x,x,x,x,x,x,x,x,x,x,x,800,2450,5955,0,8,50,5,0,8
130024,몬스터 궁병,archer,res/character/monster/archer_@/archer_@.spine,1,common,s,x,light,front,2,230002,x,x,x,x,x,x,x,x,x,x,x,x,x,x,x,x,x,x,800,2450,5955,0,8,50,5,0,8
130025,몬스터 궁병,archer,res/character/monster/archer_@/archer_@.spine,1,common,s,x,dark,front,2,230002,x,x,x,x,x,x,x,x,x,x,x,x,x,x,x,x,x,x,800,2450,5955,0,8,50,5,0,8
130031,몬스터 마법사,mage,res/character/monster/mage_@/mage_@.spine,0.75,common,s,x,earth,front,2,230003,230004,basic_turn,x,x,x,x,x,x,x,x,x,x,x,x,x,x,x,x,967,1450,4455,0,8,50,5,0,8
130032,몬스터 마법사,mage,res/character/monster/mage_@/mage_@.spine,1,common,s,x,water,front,2,230003,230004,basic_turn,x,x,x,x,x,x,x,x,x,x,x,x,x,x,x,x,967,1450,4455,0,8,50,5,0,8
130033,몬스터 마법사,mage,res/character/monster/mage_@/mage_@.spine,1,common,s,x,fire,front,2,230003,230004,basic_turn,x,x,x,x,x,x,x,x,x,x,x,x,x,x,x,x,967,1450,4455,0,8,50,5,0,8
130034,몬스터 마법사,mage,res/character/monster/mage_@/mage_@.spine,1,common,s,x,light,front,2,230003,230004,basic_turn,x,x,x,x,x,x,x,x,x,x,x,x,x,x,x,x,967,1450,4455,0,8,50,5,0,8
130035,몬스터 마법사,mage,res/character/monster/mage_@/mage_@.spine,1,common,s,x,dark,front,2,230003,230004,basic_turn,x,x,x,x,x,x,x,x,x,x,x,x,x,x,x,x,967,1450,4455,0,8,50,5,0,8
130041,몬스터 창병,spearman,res/character/monster/spearman_@/spearman_@.spine,0.75,common,s,x,earth,front,2,230005,230006,basic_turn,x,x,x,x,x,x,x,x,x,x,x,x,x,x,x,x,633,1700,8955,0,8,50,5,0,8
130042,몬스터 창병,spearman,res/character/monster/spearman_@/spearman_@.spine,1,common,s,x,water,front,2,230005,230006,basic_turn,x,x,x,x,x,x,x,x,x,x,x,x,x,x,x,x,633,1700,8955,0,8,50,5,0,8
130043,몬스터 창병,spearman,res/character/monster/spearman_@/spearman_@.spine,1,common,s,x,fire,front,2,230005,230006,basic_turn,x,x,x,x,x,x,x,x,x,x,x,x,x,x,x,x,633,1700,8955,0,8,50,5,0,8
130044,몬스터 창병,spearman,res/character/monster/spearman_@/spearman_@.spine,1,common,s,x,light,front,2,230005,230006,basic_turn,x,x,x,x,x,x,x,x,x,x,x,x,x,x,x,x,633,1700,8955,0,8,50,5,0,8
130045,몬스터 창병,spearman,res/character/monster/spearman_@/spearman_@.spine,1,common,s,x,dark,front,2,230005,230006,basic_turn,x,x,x,x,x,x,x,x,x,x,x,x,x,x,x,x,633,1700,8955,0,8,50,5,0,8
130051,몬스터 치유사,priest,res/character/monster/priest_@/priest_@.spine,0.75,common,s,x,earth,front,3,230003,230007,basic_turn,x,x,x,x,x,x,x,x,x,x,x,x,x,x,x,x,1300,2200,4455,0,8,50,5,0,8
130052,몬스터 치유사,priest,res/character/monster/priest_@/priest_@.spine,1,common,s,x,water,front,3,230003,230007,basic_turn,x,x,x,x,x,x,x,x,x,x,x,x,x,x,x,x,1300,2200,4455,0,8,50,5,0,8
130053,몬스터 치유사,priest,res/character/monster/priest_@/priest_@.spine,1,common,s,x,fire,front,3,230003,230007,basic_turn,x,x,x,x,x,x,x,x,x,x,x,x,x,x,x,x,1300,2200,4455,0,8,50,5,0,8
130054,몬스터 치유사,priest,res/character/monster/priest_@/priest_@.spine,1,common,s,x,light,front,3,230003,230007,basic_turn,x,x,x,x,x,x,x,x,x,x,x,x,x,x,x,x,1300,2200,4455,0,8,50,5,0,8
130055,몬스터 치유사,priest,res/character/monster/priest_@/priest_@.spine,1,common,s,x,dark,front,3,230003,230007,basic_turn,x,x,x,x,x,x,x,x,x,x,x,x,x,x,x,x,1300,2200,4455,0,8,50,5,0,8
130061,몬스터 포병,bomber,res/character/monster/bomber_@/bomber_@.spine,0.75,common,s,x,earth,front,3,230008,x,x,x,x,x,x,x,x,x,x,x,x,x,x,x,x,x,x,800,2450,8955,0,8,50,5,0,8
130062,몬스터 포병,bomber,res/character/monster/bomber_@/bomber_@.spine,1,common,s,x,water,front,3,230008,x,x,x,x,x,x,x,x,x,x,x,x,x,x,x,x,x,x,800,2450,8955,0,8,50,5,0,8
130063,몬스터 포병,bomber,res/character/monster/bomber_@/bomber_@.spine,1,common,s,x,fire,front,3,230008,x,x,x,x,x,x,x,x,x,x,x,x,x,x,x,x,x,x,800,2450,8955,0,8,50,5,0,8
130064,몬스터 포병,bomber,res/character/monster/bomber_@/bomber_@.spine,1,common,s,x,light,front,3,230008,x,x,x,x,x,x,x,x,x,x,x,x,x,x,x,x,x,x,800,2450,8955,0,8,50,5,0,8
130065,몬스터 포병,bomber,res/character/monster/bomber_@/bomber_@.spine,1,common,s,x,dark,front,3,230008,x,x,x,x,x,x,x,x,x,x,x,x,x,x,x,x,x,x,800,2450,8955,0,8,50,5,0,8
131011,꿀벌,honeybee,res/character/monster/common_honeybee_earth/common_honeybee_earth.spine,1,common,s,x,earth,front,2,230009,x,x,x,x,x,x,x,x,x,x,x,x,x,x,x,x,x,x,1200,1450,5955,0,8,50,5,0,8
131012,해골 생선,bonefish,res/character/monster/common_bonefish_water/common_bonefish_water.spine,1,common,s,x,water,front,2,230010,x,x,x,x,x,x,x,x,x,x,x,x,x,x,x,x,x,x,1200,1200,10455,0,8,50,5,0,8
131021,시종 버섯,mushroom_attendant,res/character/monster/common_mushroom_attendant_earth/common_mushroom_attendant_earth.spine,1,common,s,x,earth,front,2,230003,x,x,x,x,x,x,x,x,x,x,x,x,x,x,x,x,x,x,1200,2450,4455,0,8,50,5,0,8
131022,복상어,blowshark,res/character/monster/common_blowshark_water/common_blowshark_water.spine,1,common,s,x,water,front,2,230010,230011,basic_turn,x,x,x,x,x,x,x,x,x,x,x,x,x,x,x,x,1200,3450,8955,0,8,50,5,0,8
131031,부엉이,owl,res/character/monster/common_owl_earth/common_owl_earth.spine,1,common,s,x,earth,front,2,230013,230014,basic_turn,x,x,x,x,x,x,x,x,x,x,x,x,x,x,x,x,800,3250,10455,0,8,50,5,0,8
131032,소세지 문어,octopus,res/character/monster/common_octopus_water/common_octopus_water.spine,1,common,s,x,water,front,2,230015,230016,basic_rate,x,x,x,x,x,x,x,x,x,x,x,x,x,x,x,x,1200,2200,5955,0,8,50,5,0,8
131041,버섯 노예,mushroom_slave,res/character/monster/mushroom_slave_1/mushroom_slave_1.spine,1,common,s,x,earth,front,0,230003,x,x,x,x,x,x,x,x,x,x,x,x,x,x,x,x,x,x,800,2450,2475,0,8,50,5,0,8
131051,버섯 노예,mushroom_slave,res/character/monster/mushroom_slave_2/mushroom_slave_2.spine,1,common,s,x,earth,front,0,230003,x,x,x,x,x,x,x,x,x,x,x,x,x,x,x,x,x,x,800,2450,2475,0,8,50,5,0,8
132011,킬러비,killerbee,res/character/monster/elite_killerbee_@/elite_killerbee_@.spine,1,elite,m,x,earth,front,4,230009,230017,basic_turn,x,x,x,x,x,x,x,x,x,x,x,x,x,x,x,x,2900,1950,49700,0,8,50,5,0,8
132012,인어,mermaid,res/character/monster/elite_mermaid_water/elite_mermaid_water.spine,1,elite,m,x,water,front,4,230002,x,x,x,x,x,x,x,x,x,x,x,x,x,x,x,x,x,x,2400,1950,49700,0,8,50,5,0,8
132021,라플레시아,rafflesia,res/character/monster/elite_rafflesia_earth/elite_rafflesia_earth.spine,1,elite,m,x,earth,front,4,230002,x,x,x,x,x,x,x,x,x,x,x,x,x,x,x,x,x,x,2400,2950,39700,0,8,50,5,0,8
132022,심해 상어 전사,sharkwarrior,res/character/monster/elite_sharkwarrior_water/elite_sharkwarrior_water.spine,1,elite,m,x,water,front,4,230002,x,x,x,x,x,x,x,x,x,x,x,x,x,x,x,x,x,x,2900,2450,69700,0,8,50,5,0,8
132031,아울베어,owlbear,res/character/monster/elite_owlbear_earth/elite_owlbear_earth.spine,1,elite,m,x,earth,front,4,230002,x,x,x,x,x,x,x,x,x,x,x,x,x,x,x,x,x,x,1900,3450,79700,0,8,50,5,0,8
132032,독문어,poisonoctopus,res/character/monster/elite_poisonoctopus_water/elite_poisonoctopus_water.spine,1,elite,m,x,water,front,4,230002,x,x,x,x,x,x,x,x,x,x,x,x,x,x,x,x,x,x,3400,1450,44700,0,8,50,5,0,8
132042,심해 상어 전사(소환),sharkwarrior_summon,res/character/monster/elite_sharkwarrior_water/elite_sharkwarrior_water.spine,1,elite,m,x,water,front,2,230002,x,x,x,x,x,x,x,x,x,x,x,x,x,x,x,x,x,x,1450,2450,6970,0,8,50,5,0,8
133011,여왕 버섯,mushqueen,res/character/monster/subboss_mushqueen_earth/subboss_mushqueen_earth.spine,1,subboss,l,x,earth,front,8,230002,x,x,x,x,x,x,x,x,x,x,x,x,x,x,x,x,x,x,2900,1450,62125,0,8,50,5,0,8
133012,심해 상어 제독,sharkadmiral,res/character/monster/subboss_sharkadmiral_water/subboss_sharkadmiral_water.spine,1,subboss,l,x,water,front,8,230002,x,x,x,x,x,x,x,x,x,x,x,x,x,x,x,x,x,x,3400,2950,87125,0,8,50,5,0,8
134011,퀸즈 스네이크,queenssnake,res/character/monster/boss_queenssnake_earth/boss_queenssnake_earth.spine,1,boss,xl,x,earth,front,10,230002,x,x,x,x,x,x,x,x,x,x,x,x,x,x,x,x,x,x,3400,2450,89550,0,8,50,5,0,8
134012,드레이크,drake,res/character/monster/boss_drake_water/boss_drake_water.spine,1,boss,xl,x,water,front,10,230002,x,x,x,x,x,x,x,x,x,x,x,x,x,x,x,x,x,x,3900,2950,104550,0,8,50,5,0,8
134013,코카트리스,cockatrice,res/character/monster/boss_cockatrice_@/boss_cockatrice_@.spine,1,boss,xl,x,fire,front,10,230002,x,x,x,x,x,x,x,x,x,x,x,x,x,x,x,x,x,x,3900,2950,104550,0,8,50,5,0,8
135013,불의 거대 용,giantdragon,res/character/monster/boss_giantdragon_@/boss_giantdragon_@.spine,1,boss,xl,x,fire,front,15,230002,x,x,x,x,x,x,x,x,x,x,x,x,x,x,x,x,x,x,4950,2451,748500,50,27.5,150,15,50,47.5